@inproceedings{alcala2019integrative,
  title={Integrative and Comparative Genomic Analyses Identify Clinically Relevant Groups of Pulmonary Carcinoids and Unveil the Existence of Supra-Carcinoids},
  author={Alcala, N and Leblay, N and Gabriel, A and Mangiante, L and Hernandez-Vargas, H and Brambilla, E and Speel, EJM and Girard, N and Lantuejoul, S and McKay, J and others},
  booktitle={NEUROENDOCRINOLOGY},
  volume={108},
  pages={23--23},
  year={2019},
  organization={KARGER ALLSCHWILERSTRASSE 10, CH-4009 BASEL, SWITZERLAND}
}